<?xml version="1.0" encoding="UTF-8"?><collection xmlns="http://www.loc.gov/MARC21/slim"><record><leader>00651nam--2200205-i-4500</leader><controlfield tag="001">000017798</controlfield><controlfield tag="002">20161230</controlfield><controlfield tag="005">20161230201032</controlfield><controlfield tag="008">060222s1000------------r-----000-0-rus-d</controlfield><datafield ind1=" " ind2=" " tag="040"><subfield code="a">IFIN-HH</subfield></datafield><datafield ind1=" " ind2=" " tag="041"><subfield code="a">rus</subfield></datafield><datafield ind1=" " ind2=" " tag="080"><subfield code="a">539.149.43</subfield></datafield><datafield ind1="1" ind2=" " tag="100"><subfield code="a">Carrington, Alan</subfield></datafield><datafield ind1="1" ind2="0" tag="245"><subfield code="a">Magnitnii rezonans i ego primenenie v himii</subfield><subfield code="c">Alan carrington, andrew d. mclachlan</subfield></datafield><datafield ind1=" " ind2=" " tag="260"><subfield code="a">Moskva</subfield><subfield code="b">Mir</subfield><subfield code="c">1970</subfield></datafield><datafield ind1=" " ind2=" " tag="300"><subfield code="a">447P</subfield></datafield><datafield ind1=" " ind2=" " tag="500"><subfield code="a">Titlul Original In Limba Engleza: Introduction To Magnetic Resonance With Applications To Chemistry And Chemical Physics</subfield></datafield><datafield ind1="1" ind2=" " tag="700"><subfield code="a">Mclachlan, Andrew D</subfield></datafield><datafield ind1=" " ind2=" " tag="852"><subfield code="a">32631</subfield><subfield code="c">539.143.43</subfield></datafield><datafield ind1=" " ind2=" " tag="CAT"><subfield code="a">Sys</subfield><subfield code="c">20120504</subfield><subfield code="h">124635</subfield></datafield></record></collection>